@article{plants,
author = {Antonelli, Peter},
year = {1992},
month = {03},
pages = {},
title = {The Algorithmic Beauty of Plants (Przemyslaw Prusinkiewicz and Aristid Lindenmayer)},
volume = {34},
journal = {Siam Review - SIAM REV},
doi = {10.1137/1034030}
}

